% book
% Required fields: author or editor, title, publisher, year. 
% Optional fields: volume or number, series, address, edition, month, note.

%%%%%%%%%%%%%%%%%%%%%%%%%%%   PAPERS   %%%%%%%%%%%%%%%%%%%%%%%%%%%%%%%%%%%%%%%%%%%%%%%%%%%%%%%%%%%%%%

%%%%% DETECTION %%%%%
@inproceedings{multi-feature-fusion-and-yolo,
	title={Long-term tracking algorithm with the combination of multi-feature fusion and YOLO},
	author={Jiang, Sicong and Zhang, Jianing and Zhang, Yunzhou and Qiu, Feng and Wang, Dongdong and Liu, Xiaobo},
	booktitle={Chinese Conference on Image and Graphics Technologies},
	pages={390--402},
	year={2018},
	organization={Springer}
}

@inproceedings{surf,
	title={Surf: Speeded up robust features},
	author={Bay, Herbert and Tuytelaars, Tinne and Van Gool, Luc},
	booktitle={European conference on computer vision},
	pages={404--417},
	year={2006},
	organization={Springer}
}

%OpenPose
@article{openpose-PAF,
	title={OpenPose: realtime multi-person 2D pose estimation using Part Affinity Fields},
	author={Cao, Zhe and Hidalgo, Gines and Simon, Tomas and Wei, Shih-En and Sheikh, Yaser},
	journal={arXiv preprint arXiv:1812.08008},
	year={2018}
}

@inproceedings{openpose-STAF,
	title={Efficient online multi-person 2d pose tracking with recurrent spatio-temporal affinity fields},
	author={Raaj, Yaadhav and Idrees, Haroon and Hidalgo, Gines and Sheikh, Yaser},
	booktitle={Proceedings of the IEEE Conference on Computer Vision and Pattern Recognition},
	pages={4620--4628},
	year={2019}
}

% SSD
@inproceedings{ssd,
title={Ssd: Single shot multibox detector},
author={Liu, Wei and Anguelov, Dragomir and Erhan, Dumitru and Szegedy, Christian and Reed, Scott and Fu, Cheng-Yang and Berg, Alexander C},
booktitle={European conference on computer vision},
pages={21--37},
year={2016},
organization={Springer}
}

@article{mobilenet,
	title={Mobilenets: Efficient convolutional neural networks for mobile vision applications},
	author={Howard, Andrew G and Zhu, Menglong and Chen, Bo and Kalenichenko, Dmitry and Wang, Weijun and Weyand, Tobias and Andreetto, Marco and Adam, Hartwig},
	journal={arXiv preprint arXiv:1704.04861},
	year={2017}
}


% YOLO
@inproceedings{yolo,
	title={You only look once: Unified, real-time object detection},
	author={Redmon, Joseph and Divvala, Santosh and Girshick, Ross and Farhadi, Ali},
	booktitle={Proceedings of the IEEE conference on computer vision and pattern recognition},
	pages={779--788},
	year={2016}
}

@inproceedings{yoloV2,
	title={YOLO9000: better, faster, stronger},
	author={Redmon, Joseph and Farhadi, Ali},
	booktitle={Proceedings of the IEEE conference on computer vision and pattern recognition},
	pages={7263--7271},
	year={2017}
}

@article{yoloV3,
	title={Yolov3: An incremental improvement},
	author={Redmon, Joseph and Farhadi, Ali},
	journal={arXiv preprint arXiv:1804.02767},
	year={2018}
}

@INPROCEEDINGS{nms,
	author={A. {Neubeck} and L. {Van Gool}},
	booktitle={18th International Conference on Pattern Recognition (ICPR'06)}, 
	title={Efficient Non-Maximum Suppression}, 
	year={2006},
	volume={3},
	number={},
	pages={850-855},}


%R-CNN
@inproceedings{r-cnn,
	title={Rich feature hierarchies for accurate object detection and semantic segmentation},
	author={Girshick, Ross and Donahue, Jeff and Darrell, Trevor and Malik, Jitendra},
	booktitle={Proceedings of the IEEE conference on computer vision and pattern recognition},
	pages={580--587},
	year={2014}
}

@inproceedings{fast-r-cnn,
	title={Fast r-cnn},
	author={Girshick, Ross},
	booktitle={Proceedings of the IEEE international conference on computer vision},
	pages={1440--1448},
	year={2015}
}

@inproceedings{faster-r-cnn,
	title={Faster r-cnn: Towards real-time object detection with region proposal networks},
	author={Ren, Shaoqing and He, Kaiming and Girshick, Ross and Sun, Jian},
	booktitle={Advances in neural information processing systems},
	pages={91--99},
	year={2015}
}

@inproceedings{mask-r-cnn,
	title={Mask r-cnn},
	author={He, Kaiming and Gkioxari, Georgia and Doll{\'a}r, Piotr and Girshick, Ross},
	booktitle={Proceedings of the IEEE international conference on computer vision},
	pages={2961--2969},
	year={2017}
}

@inproceedings{fcn,
	title={Fully convolutional networks for semantic segmentation},
	author={Long, Jonathan and Shelhamer, Evan and Darrell, Trevor},
	booktitle={Proceedings of the IEEE conference on computer vision and pattern recognition},
	pages={3431--3440},
	year={2015}
}

%%%%% TRACKING %%%%%
%KCF
@inproceedings{boosting,
	title={Real-time tracking via on-line boosting.},
	author={Grabner, Helmut and Grabner, Michael and Bischof, Horst},
	booktitle={Bmvc},
	volume={1},
	number={5},
	pages={6},
	year={2006}
}

@inproceedings{fragTrack,
	title={Robust fragments-based tracking using the integral histogram},
	author={Adam, Amit and Rivlin, Ehud and Shimshoni, Ilan},
	booktitle={2006 IEEE Computer society conference on computer vision and pattern recognition (CVPR'06)},
	volume={1},
	pages={798--805},
	year={2006},
	organization={IEEE}
}

@inproceedings{onlineAdaBoostTracker,
	title={Real-time tracking via on-line boosting.},
	author={Grabner, Helmut and Grabner, Michael and Bischof, Horst},
	booktitle={Bmvc},
	volume={1},
	number={5},
	pages={6},
	year={2006}
}

@inproceedings{mil,
	title={Visual tracking with online multiple instance learning},
	author={Babenko, Boris and Yang, Ming-Hsuan and Belongie, Serge},
	booktitle={2009 IEEE Conference on computer vision and Pattern Recognition},
	pages={983--990},
	year={2009},
	organization={IEEE}
}

@article{mil-robust,
	title={Robust object tracking with online multiple instance learning},
	author={Babenko, Boris and Yang, Ming-Hsuan and Belongie, Serge},
	journal={IEEE transactions on pattern analysis and machine intelligence},
	volume={33},
	number={8},
	pages={1619--1632},
	year={2010},
	publisher={IEEE}
}

@inproceedings{kcf,
	title={Exploiting the circulant structure of tracking-by-detection with kernels},
	author={Henriques, Jo{\~a}o F and Caseiro, Rui and Martins, Pedro and Batista, Jorge},
	booktitle={European conference on computer vision},
	pages={702--715},
	year={2012},
	organization={Springer}
}

@inproceedings{kcf-withColor,
	title={Adaptive color attributes for real-time visual tracking},
	author={Danelljan, Martin and Shahbaz Khan, Fahad and Felsberg, Michael and Van de Weijer, Joost},
	booktitle={Proceedings of the IEEE Conference on Computer Vision and Pattern Recognition},
	pages={1090--1097},
	year={2014}
}

%OTHER
@article{tld,
	title={Tracking-learning-detection},
	author={Kalal, Zdenek and Mikolajczyk, Krystian and Matas, Jiri},
	journal={IEEE transactions on pattern analysis and machine intelligence},
	volume={34},
	number={7},
	pages={1409--1422},
	year={2011},
	publisher={IEEE}
}

@inproceedings{medianFlow,
	title={Forward-backward error: Automatic detection of tracking failures},
	author={Kalal, Zdenek and Mikolajczyk, Krystian and Matas, Jiri},
	booktitle={2010 20th International Conference on Pattern Recognition},
	pages={2756--2759},
	year={2010},
	organization={IEEE}
}

@inproceedings{mosse,
	title={Visual object tracking using adaptive correlation filters},
	author={Bolme, David S and Beveridge, J Ross and Draper, Bruce A and Lui, Yui Man},
	booktitle={2010 IEEE computer society conference on computer vision and pattern recognition},
	pages={2544--2550},
	year={2010},
	organization={IEEE}
}

@inproceedings{csrt,
	title={Discriminative correlation filter with channel and spatial reliability},
	author={Lukezic, Alan and Vojir, Tomas and Ë‡Cehovin Zajc, Luka and Matas, Jiri and Kristan, Matej},
	booktitle={Proceedings of the IEEE Conference on Computer Vision and Pattern Recognition},
	pages={6309--6318},
	year={2017}
}

@inproceedings{goturn,
	title={Learning to track at 100 fps with deep regression networks},
	author={Held, David and Thrun, Sebastian and Savarese, Silvio},
	booktitle={European Conference on Computer Vision},
	pages={749--765},
	year={2016},
	organization={Springer}
}


%%%%% RECOGNITION %%%%%
%feature localization
@inproceedings{orb,
	title={ORB: An efficient alternative to SIFT or SURF},
	author={Rublee, Ethan and Rabaud, Vincent and Konolige, Kurt and Bradski, Gary},
	booktitle={2011 International conference on computer vision},
	pages={2564--2571},
	year={2011},
	organization={Ieee}
}

@article{fast,
	title={Fast corner detection},
	author={Trajkovi{\'c}, Miroslav and Hedley, Mark},
	journal={Image and vision computing},
	volume={16},
	number={2},
	pages={75--87},
	year={1998},
	publisher={Elsevier}
}
@inproceedings{brief,
	title={Brief: Binary robust independent elementary features},
	author={Calonder, Michael and Lepetit, Vincent and Strecha, Christoph and Fua, Pascal},
	booktitle={European conference on computer vision},
	pages={778--792},
	year={2010},
	organization={Springer}
}


@article{sift,
	title={Distinctive image features from scale-invariant keypoints},
	author={Lowe, David G},
	journal={International journal of computer vision},
	volume={60},
	number={2},
	pages={91--110},
	year={2004},
	publisher={Springer}
}

@inproceedings{surf,
	title={Surf: Speeded up robust features},
	author={Bay, Herbert and Tuytelaars, Tinne and Van Gool, Luc},
	booktitle={European conference on computer vision},
	pages={404--417},
	year={2006},
	organization={Springer}
}

%features matcher
@article{flann,
	title={Flann-fast library for approximate nearest neighbors user manual},
	author={Muja, Marius and Lowe, David},
	journal={Computer Science Department, University of British Columbia, Vancouver, BC, Canada},
	year={2009}
}


%re-ID
@article{ssp_reID,
	title={Improved person re-identification based on saliency and semantic parsing with deep neural network models},
	author={Quispe, Rodolfo and Pedrini, Helio},
	journal={Image and Vision Computing},
	volume={92},
	pages={103809},
	year={2019},
	publisher={Elsevier}
}

@inproceedings{reID_withSSN,
	title={Fast simultaneous people detection and re-identification in a single shot network},
	author={Van Ranst, Wiebe and De Smedt, Floris and Berte, Jonathan and Goedem{\'e}, Toon},
	booktitle={2018 15th IEEE International Conference on Advanced Video and Signal Based Surveillance (AVSS)},
	pages={1--6},
	year={2018},
	organization={IEEE}
}

@inproceedings{multiFeatures_reID,
	title={Features for multi-target multi-camera tracking and re-identification},
	author={Ristani, Ergys and Tomasi, Carlo},
	booktitle={Proceedings of the IEEE conference on computer vision and pattern recognition},
	pages={6036--6046},
	year={2018}
}


%%%%%%%%%%%%%%%%%%%%%%%%%%%   CODE & WEBSITES   %%%%%%%%%%%%%%%%%%%%%%%%%%%%%%%%%%%%%%%%%%%%%%%%%%%%%
@misc{projectSourceCode,
	title = {aRobotToFollowPeople source code},
	howpublished = {\url{https://github.com/leopold-lll/aRobotToFollowPeople}}
}

@misc{dolomitiRobotics,
	title = {Dolomiti Robotics},
	howpublished = {\url{https://dolomitirobotics.it/}}
}

@misc{wordnet,
title = {Wordnet graph},
howpublished = {\url{https://wordnet.princeton.edu/}}
}

%pyimagesearch
%learnOpenCV

%%%%%%%%%%%%%%%%%%%%%%%%%%%   DATASET   %%%%%%%%%%%%%%%%%%%%%%%%%%%%%%%%%%%%%%%%%%%%%%%%%%%%%%%%%%%%%
@misc{pascal-voc-2007,
author = "Everingham, M. and Van~Gool, L. and Williams, C. K. I. and Winn, J. and Zisserman, A.",
title = "The {PASCAL} {V}isual {O}bject {C}lasses {C}hallenge 2007 {(VOC2007)} {R}esults",
howpublished = "http://www.pascal-network.org/challenges/VOC/voc2007/workshop/index.html"
}	

@misc{coco,
title = {dataset COCO (COmmon Objects in COntext},
howpublished = {\url{https://cocodataset.org/}}
}

@inproceedings{market1501,
	title={Scalable person re-identification: A benchmark},
	author={Zheng, Liang and Shen, Liyue and Tian, Lu and Wang, Shengjin and Wang, Jingdong and Tian, Qi},
	booktitle={Proceedings of the IEEE international conference on computer vision},
	pages={1116--1124},
	year={2015}
}

@INCOLLECTION{prid450,
	author    = {Peter M. Roth and Martin Hirzer and Martin Koestinger and Csaba Beleznai and Horst Bischof},
	title     = {Mahalanobis Distance Learning for Person Re-Identification},
	booktitle = {Person Re-Identification},
	series    = {Advances in Computer Vision and Pattern Recognition},
	pages     = {247--267},
	publisher = {Springer},
	address   = {London, United Kingdom},
	editor    = {Shaogang Gong and Marco Cristani and Shuicheng Yan and Chen C. Loy},
	year      = {2014}
}

@article{imageNet_challenge,
	Author = {Olga Russakovsky and Jia Deng and Hao Su and Jonathan Krause and Sanjeev Satheesh and Sean Ma and Zhiheng Huang and Andrej Karpathy and Aditya Khosla and Michael Bernstein and Alexander C. Berg and Li Fei-Fei},
	Title = {{ImageNet Large Scale Visual Recognition Challenge}},
	Year = {2015},
	journal   = {International Journal of Computer Vision (IJCV)},
	doi = {10.1007/s11263-015-0816-y},
	volume={115},
	number={3},
	pages={211-252}
}

%%%%%%%%%%%%%%%%%%%%%%%%%%%   OTHER   %%%%%%%%%%%%%%%%%%%%%%%%%%%%%%%%%%%%%%%%%%%%%%%%%%%%%%%%%%%%%%%
@misc{googleNet_model,
	title = {GoogleNet},
	howpublished = {\url{https://github.com/BVLC/caffe/tree/master/models/bvlc_googlenet}}
}

@inproceedings{googLeNet_paper,
	title={Going deeper with convolutions},
	author={Szegedy, Christian and Liu, Wei and Jia, Yangqing and Sermanet, Pierre and Reed, Scott and Anguelov, Dragomir and Erhan, Dumitru and Vanhoucke, Vincent and Rabinovich, Andrew},
	booktitle={Proceedings of the IEEE conference on computer vision and pattern recognition},
	pages={1--9},
	year={2015}
}

@misc{resNet_model,
	title = {ResNet50},
	howpublished = {\url{https://github.com/onnx/models/tree/master/vision/classification/resnet}}
}

@inproceedings{resNet_paper,
	title={Identity mappings in deep residual networks},
	author={He, Kaiming and Zhang, Xiangyu and Ren, Shaoqing and Sun, Jian},
	booktitle={European conference on computer vision},
	pages={630--645},
	year={2016},
	organization={Springer}
}







%%%%%%%%%%%%%%%%%%%%%%%%%%%%%%%%%%%%%%%%%%%%%%%%%%%%%%%%%%%%%%%%%%%%%%%%%%%%%%%%%%%%%%%%%%%%%%%%%%%%%

